<record><leader>00000cas a22000007a 4500</leader><controlfield tag="001">12935258</controlfield><controlfield tag="008">851219d18721875wiuwr ne      0    0eng d</controlfield><datafield ind1=" " ind2=" " tag="010"><subfield code="a">sn 85041600 </subfield></datafield><datafield ind1=" " ind2=" " tag="040"><subfield code="a">NPV</subfield><subfield code="b">eng</subfield><subfield code="c">NPV</subfield><subfield code="d">NJW</subfield><subfield code="d">NPV</subfield><subfield code="d">OCLCQ</subfield></datafield><datafield ind1=" " ind2=" " tag="042"><subfield code="a">msc</subfield></datafield><datafield ind1="0" ind2=" " tag="130"><subfield code="a">Oshkosh weekly times (Oshkosh, Wis. : 1872)</subfield></datafield><datafield ind1="1" ind2="0" tag="245"><subfield code="a">Oshkosh weekly times.</subfield></datafield><datafield ind1="3" ind2="0" tag="246"><subfield code="a">Oshkosh times</subfield></datafield><datafield ind1=" " ind2=" " tag="260"><subfield code="a">Oshkosh, Wis. :</subfield><subfield code="b">S.D. Carpenter &amp; D.W. Fernandez,</subfield><subfield code="c">1872-</subfield></datafield><datafield ind1=" " ind2=" " tag="300"><subfield code="a">v.</subfield></datafield><datafield ind1=" " ind2=" " tag="310"><subfield code="a">Weekly</subfield></datafield><datafield ind1="0" ind2=" " tag="362"><subfield code="a">Vol. 6, no. 7 (June 5, 1872)-</subfield></datafield><datafield ind1="1" ind2=" " tag="362"><subfield code="a">Ceased in Apr. or May 1875.</subfield></datafield><datafield ind1=" " ind2=" " tag="500"><subfield code="a">Publisher varies.</subfield></datafield><datafield ind1=" " ind2=" " tag="752"><subfield code="a">United States</subfield><subfield code="b">Wisconsin</subfield><subfield code="c">Winnebago</subfield><subfield code="d">Oshkosh.</subfield></datafield><datafield ind1="0" ind2="0" tag="780"><subfield code="t">Oshkosh city times</subfield><subfield code="w">(DLC)sn 85041599</subfield></datafield><datafield ind1="0" ind2="0" tag="785"><subfield code="t">Oshkosh times</subfield><subfield code="w">(DLC)sn 85041601</subfield></datafield></record>